@article{Baines1989,
author = {Baines, Peter G. and Fraedrich, Klaus},
journal = {Journal of the Atmospheric Sciences},
pages = {3401--3415},
title = {Topographic effects on the mean tropospheric flow patterns around {A}ntarctica},
volume = {46},
year = {1989}
}

@book{Holton2013,
author = {Holton, James R. and Hakim, Gregory J.},
edition = {5},
pages = {532},
publisher = {Elsevier},
title = {An introduction to dynamic meteorology},
year = {2013}
}

@article{Simmonds2015,
author = {Simmonds, Ian},
doi = {10.3189/2015AoG69A909},
journal = {Annals of Glaciology},
pages = {18--28},
title = {Comparing and contrasting the behaviour of {A}rctic and {A}ntarctic sea ice over the 35 year period 1979--2013},
volume = {56},
year = {2015}
}